@article{geedy_mitchem,
    author  = "John Mitchem",
    title   = "On various algorithms for estimating the chromatic number of a graph",
    year    = "1976",
    journal = "The Computer journal",
    volume  = "19",
    number  = "2",
    pages   = "182-183"
}
@article{geedy_erdos_renyi,
    author  = "P. Erdős and A. Rényi",
    title   = "On radnom graphs I.",
    year    = "1959",
    journal = "Publicationes Mathematicae Debrecen",
    volume  = "6",
    pages   = "290-297"
}
@article{berger_rompel,
    author  = "Bonnie Berger, John Rompel",
    title   = "A Better Performance Guarantee for Approximate Graph Coloring",
    year    = "1990",
    journal = "Springer-Verlag New York Inc.",
    volume  = "1",
    number  = "0",
    pages   = "8"
}